<record><leader>00000cas a22000007a 4500</leader><controlfield tag="001">20346841</controlfield><controlfield tag="008">890915d1885189unyuwr ne      0    0eng d</controlfield><datafield ind1=" " ind2=" " tag="010"><subfield code="a">sn 89071384 </subfield></datafield><datafield ind1=" " ind2=" " tag="040"><subfield code="a">NYG</subfield><subfield code="b">eng</subfield><subfield code="c">NYG</subfield><subfield code="d">NYS</subfield><subfield code="d">OCLCQ</subfield></datafield><datafield ind1=" " ind2=" " tag="042"><subfield code="a">msc</subfield></datafield><datafield ind1="0" ind2=" " tag="130"><subfield code="a">Middleport herald (Middleport, N.Y. : 1885)</subfield></datafield><datafield ind1="1" ind2="4" tag="245"><subfield code="a">The Middleport herald.</subfield></datafield><datafield ind1=" " ind2=" " tag="260"><subfield code="a">Middleport, N.Y. :</subfield><subfield code="b">Julius A. Kuck</subfield></datafield><datafield ind1=" " ind2=" " tag="300"><subfield code="a">v.</subfield></datafield><datafield ind1=" " ind2=" " tag="310"><subfield code="a">Weekly</subfield></datafield><datafield ind1="0" ind2=" " tag="362"><subfield code="a">Vol. 1, no. 1 (Sept. 17, 1885)-</subfield></datafield><datafield ind1=" " ind2=" " tag="500"><subfield code="a">Publishers: Julius Kuck, &lt;1885&gt;; John E. Cooper, &lt;1890-1891&gt;.</subfield></datafield><datafield ind1=" " ind2="4" tag="651"><subfield code="a">Middleport (N.Y.)</subfield><subfield code="v">Newspapers.</subfield></datafield><datafield ind1=" " ind2="4" tag="651"><subfield code="a">Niagara County (N.Y.)</subfield><subfield code="v">Newspapers.</subfield></datafield><datafield ind1=" " ind2=" " tag="752"><subfield code="a">United States</subfield><subfield code="b">New York</subfield><subfield code="c">Niagara</subfield><subfield code="d">Middleport.</subfield></datafield><datafield ind1="0" ind2="0" tag="785"><subfield code="t">Herald (Middleport, N.Y.)</subfield><subfield code="w">(DLC)sn 94057953</subfield><subfield code="w">(OCoLC)31334640</subfield></datafield></record>